@misc{nersc_perlmutter_architecture,
  author    = {{NERSC}},
  title     = {Perlmutter Architecture},
  year      = {2024},
  howpublished       = {https://docs.nersc.gov/systems/perlmutter/architecture/},
  note      = {Accessed: September 2024}
}

@misc{amd_epyc_tuning_guide,
  author    = {{AMD}},
  title     = {HPC Tuning Guide for AMD EPYC 7003 Series Processors},
  year      = {2022},
  howpublished       = {https://www.amd.com/content/dam/amd/en/documents/epyc-technical-docs/tuning-guides/high-performance-computing-tuning-guide-amd-epyc7003-series-processors.pdf},
  note      = {Accessed: September 2024}
}

@misc{usami2024hostnamectl,
  author = {Shun Usami},
  title = "{Operating System and Kernel Information of Perlmutter CPU Node}",
  howpublished = "\texttt{hostnamectl} command output on Perlmutter CPU node",
  note = "Retrieved on September 17, 2024",
  year = 2024
}

@misc{bmmco_visualization_repo,
  author       = {Shun Usami},
  title        = {Blocked Matrix Multiplication Visualization Code},
  year         = {2024},
  howpublished = {https://github.com/usatie/bmmco-visualization},
}